@book{fabb2008meter,
  title={Meter in Poetry: A New Theory},
  author={Fabb, Nigel and Halle, Morris},
  year={2008},
  publisher={Cambridge University Press}
}
